@article{einstein,
	author =       "Albert Einstein",
	title =        "{Zur Elektrodynamik bewegter K{\"o}rper}. ({German})
	[{On} the electrodynamics of moving bodies]",
	journal =      "Annalen der Physik",
	volume =       "322",
	number =       "10",
	pages =        "891--921",
	year =         "1905",
	DOI =          "http://dx.doi.org/10.1002/andp.19053221004",
	keywords =     "physics"
}

@online{knuthwebsite,
	author    = "Donald Knuth",
	title     = "Knuth: Computers and Typesetting",
	year      = "2015",
	url       = "http://www-cs-faculty.stanford.edu/~uno/abcde.html",
	urldate		= "2015-12-03",
	keywords  = "latex,knuth"
}

@inbook{knuth-fa,
	author = "Donald E. Knuth",
	title = "Fundamental Algorithms",
	publisher = "Addison-Wesley",
	year = "1973",
	chapter = "1.2",
	keywords  = "knuth,programming"
}
