@electronic{SO_api_documentation,
	Author = {Rich Apodaca},
	Date-Added = {2015-05-08 21:03:24 +0000},
	Date-Modified = {2015-05-08 21:03:24 +0000},
	Day = {29},
	Month = {July},
	Title = {( Is That REST API Really RPC? Roy Fielding Seems to Think So }},
	Url = {http://stackoverflow.com/questions/1164154/is-that-rest-api-really-rpc-roy-fielding-seems-to-think-so},
	Year = {2009},
	Bdsk-Url-1 = {http://stackoverflow.com/questions/1164154/is-that-rest-api-really-rpc-roy-fielding-seems-to-think-so}}

@electronic{uvic,
	Date-Added = {2014-12-25 22:28:38 +0000},
	Date-Modified = {2015-05-08 21:08:23 +0000},
	Lastchecked = {January, 2015},
	Month = {September},
	Title = {{ University of Victoria Co-operative Education and Career Services }},
	Url = {http://www.uvic.ca/coopandcareer/studentsalumni/coop/programs/engineering/},
	Year = {2013},
	Bdsk-Url-1 = {http://www.uvic.ca/coopandcareer/studentsalumni/coop/programs/engineering/}}

@electronic{goog,
	Author = {Sergey Brin and Larry Page},
	Date-Added = {2014-12-25 22:26:38 +0000},
	Date-Modified = {2015-05-12 17:42:19 +0000},
	Lastchecked = {May, 2015},
	Month = {April},
	Title = {The goog},
	Url = {http://www.google.com},
	Urldate = {May, 2015},
	Year = {1999},
	Bdsk-Url-1 = {http://www.google.com}}

@electronic{fb,
	Annote = {Accessed: 1969-02-14},
	Author = {Mark Zuckerberg},
	Date-Added = {2014-12-25 22:01:30 +0000},
	Date-Modified = {2015-05-08 21:07:20 +0000},
	Lastchecked = {July, 2005},
	Month = {January},
	Title = {A popular website},
	Url = {http://www.facebook.com},
	Urldate = {July, 2005},
	Year = {2003},
	Bdsk-Url-1 = {http://www.ctan.org/tex-archive/macros/latex/contrib/biblatex}}

@article{einstein,
	author =       "Albert Einstein",
	title =        "{Zur Elektrodynamik bewegter K{\"o}rper}. ({German})
	[{On} the electrodynamics of moving bodies]",
	journal =      "Annalen der Physik",
	volume =       "322",
	number =       "10",
	pages =        "891--921",
	year =         "1905",
	DOI =          "http://dx.doi.org/10.1002/andp.19053221004",
	keywords =     "physics"
}

@book{dirac,
	title={The Principles of Quantum Mechanics},
	author={Paul Adrien Maurice Dirac},
	isbn={9780198520115},
	series={International series of monographs on physics},
	year={1981},
	publisher={Clarendon Press},
	keywords = {physics}
}

@online{knuthwebsite,
	author    = "Donald Knuth",
	title     = "Knuth: Computers and Typesetting",
	year      = "2015",
	url       = "http://www-cs-faculty.stanford.edu/~uno/abcde.html",
	keywords  = "latex,knuth"
}

@inbook{knuth-fa,
	author = "Donald E. Knuth",
	title = "Fundamental Algorithms",
	publisher = "Addison-Wesley",
	year = "1973",
	chapter = "1.2",
	keywords  = "knuth,programming"
}
